@article{huang2021value,
  title={The Value of Price Discrimination in Large Social Networks},
  author={Huang, Jiali and Mani, Ankur and Wang, Zizhuo},
  journal={Management Science, Forthcoming},
  year={2021}
}


@article {SocialInfluenceandExerciseAMetaAnalysis,
      author = "Albert V. Carron and Heather A. Hausenblas and Diane Mack",
      title = "Social Influence and Exercise: A Meta-Analysis",
      journal = "Journal of Sport and Exercise Psychology",
      year = "1996",
      publisher = "Human Kinetics, Inc.",
      address = "Champaign IL, USA",
      volume = "18",
      number = "1",
      doi = "10.1123/jsep.18.1.1",
      pages=      "1 - 16",
      url = "https://journals.humankinetics.com/view/journals/jsep/18/1/article-p1.xml"
}


@article{candogan2012optimal,
  title={Optimal pricing in networks with externalities},
  author={Candogan, Ozan and Bimpikis, Kostas and Ozdaglar, Asuman},
  journal={Operations Research},
  volume={60},
  number={4},
  pages={883--905},
  year={2012},
  publisher={INFORMS}
}

@article{urberg1997close,
  title={Close friend and group influence on adolescent cigarette smoking and alcohol use.},
  author={Urberg, Kathryn A and De{\u{g}}irmencio{\u{g}}lu, Serdar M and Pilgrim, Colleen},
  journal={Developmental psychology},
  volume={33},
  number={5},
  pages={834},
  year={1997},
  publisher={American Psychological Association}
}

@article{dagher2012influence,
  title={The influence of environmental attitude, environmental concern and social influence on green purchasing behavior},
  author={Dagher, G and Itani, Omar},
  journal={Review of Business Research},
  volume={12},
  number={2},
  pages={104--111},
  year={2012}
}

@article{van1996matrix,
  title={Matrix computations (Johns Hopkins studies in mathematical sciences)},
  author={Van Loan, Charles F and Golub, G},
  year={1996},
  publisher={The Johns Hopkins University Press}
}
